@Misc{Einstein2024,
  author       = {Hospital Israelita Albert Einstein},
  title        = {TDAH: conhe\c ca os 18 sinais que indicam d\'eficit de aten\c c\~ao com hiperatividade},
  year         = {2024},
  howpublished = {\url{https://vidasaudavel.einstein.br/tdah-conheca-18-sinais-que-indicam-deficit-de-atencao-com-hiperatividade/}},
  note         = {Acesso em: 15 mar. 2025},
  address      = {S\~ao Paulo}
}

@Misc{Zolin2024,
  author       = {Zolin, Beatriz},
  title        = {TDAH e TOD: O que fazer quando aparecem juntos?},
  year         = {2024},
  howpublished = {\url{https://drauziovarella.uol.com.br/pediatria/tdah-e-tod-o-que-fazer-quando-os-transtornos-aparecem-juntos/}},
  note         = {Acesso em: 22 mar. 2025},
  address      = {S\~ao Paulo},
  publisher    = {Portal Drauzio Varella}
}

@Misc{Brasil2022,
  author       = {Brasil. Minist\'erio da Sa\'ude},
  title        = {Entre 5\% e 8\% da popula\c c\~ao mundial apresenta Transtorno de D\'eficit de Aten\c c\~ao com Hiperatividade},
  year         = {2022},
  url = {https://www.gov.br/saude/pt-br/assuntos/noticias/2022/setembro/entre-5-e-8-da-populacao-mundial-apresenta-transtorno-de-deficit-de-atencao-com-hiperatividade},
  note         = {Acesso em: 29 mar. 2025},
  address      = {Bras\'ilia}
}

@Misc{Senado2023,
  author       = {Ag\^encia Senado},
  title        = {Especialistas alertam para 'epidemia de diagn\'osticos' de TDAH entre crian\c cas},
  year         = {2023},
  howpublished = {\url{https://www12.senado.leg.br/noticias/materias/2023/11/27/especialistas-alertam-para-epidemia-de-diagnosticos-de-tdah-entre-criancas}},
  note         = {Acesso em: 29 mar. 2025},
  address      = {Bras\'ilia}
}

@Misc{PequenoPrincipe2023,
  author       = {Hospital Pequeno Pr\'incipe},
  title        = {TDAH: o que \'e e quais s\~ao os sintomas em crian\c cas e adolescentes?},
  year         = {2023},
  howpublished = {\url{https://pequenoprincipe.org.br/noticia/tdah-o-que-e-e-sintomas-criancas-e-adolescentes/}},
  note         = {Acesso em: 30 mar. 2025},
  address      = {Curitiba}
}

@Misc{Bernardes2022,
  author       = {Bernardes, Jonas},
  title        = {TDAH e o Hiperfoco: Compreendendo e Gerenciando},
  year         = {2022},
  howpublished = {\url{https://drjonasbernardes.com.br/tdah-hiperfoco/}},
  note         = {Acesso em: 30 mar. 2025}
}
@Article{Santos2023,
  author  = {Santos, Thais Vieira Gois dos},
  title   = {TDAH nas escolas: desafios pedagógicos e estratégias para a inclusão},
  journal = {Cairu em Revista},
  year    = {2023},
  url     = {https://www.cairu.br/revista/arquivos/artigos/20241/01_TDAH_ESCOLAS_%20DESAFIOS_PEDAGOGICOS.pdf},
  volume  = {12},
  number  = {23},
  pages   = {06--20},
  note    = {Acesso em: 5 abr. 2025}
}




@Misc{Moller2024,
  author       = {M{\"o}ller, Moritz and Nirmal, Gargi and Fabietti, Dario and Stierstorfer, Quintus and Zakhvatkin, Mark and Sommerfeld, Holger and Sch{\"u}tt, Sven},
  title        = {Revolutionising distance learning: a comparative study of learning progress with AI-driven tutoring},
  year         = {2024},
  howpublished = {\url{https://arxiv.org/abs/2403.14642}},
  note         = {Acesso em: 31 mar. 2025},
  publisher    = {arXiv preprint, Cornell University},
  address      = {Ithaca}
}

@Article{Santos2020,
  author       = {Santos, Joseleide Epif{\^a}nio dos and Oliveira, Patr\'icia Pontual de and Coutinho, Diogenes Jos\'e Gusm\~ao},
  title        = {O aplicativo Peak como ferramenta no ensino aprendizagem de estudantes com TDAH},
  journal      = {Europub Journal of Multidisciplinary Research},
  year         = {2020},
  url = {https://ojs.europubpublications.com/ojs/index.php/ejmr/article/download/31/93/108},
  volume       = {1},
  number       = {1},
  pages        = {2--13},
  address      = {Portugal},
  note         = {Acesso em: 19 mar. 2025},
 
}

@Misc{SM2025,
  author       = {SM Educa\c c\~ao},
  title        = {5 estrat\'egias pedag\'ogicas para ensinar alunos com TDAH},
  year         = {s.d.},
  url = {https://www.smeducacao.com.br/alunos-com-tdah/},
  note         = {Acesso em: 14 set. 2025},
  address      = {S\~ao Paulo}
}

@Misc{Cellera2025,
  author       = {Cellera Farma},
  title        = {Hiperfoco no TDAH: dicas para usar a concentra\c c\~ao a seu favor},
  year         = {2025},
  howpublished = {\url{https://cellerafarma.com.br/minha-saude/hiperfoco-no-tdah-concentracao/}},
  note         = {Acesso em: 14 set. 2025}
}

@Article{Lauriano2024,
  author  = {Lauriano, Aline Coelho and Sousa Junior, Adeldivo Alves de and Silva, Amanda Nogueira de Castro e and Muniz, Frederico Barbosa and Almeida, Thissiany Beatriz},
  title   = {SOFIA: software orientado por inteligência artificial para auxílio ao pré-diagnóstico do TEA infantil},
  journal = {Revista Tecnológica da Fatec de Americana},
  year    = {2024},
  url = {https://www.fatec.edu.br/revista/index.php/RTecFatecAM/article/view/388/274},
  volume  = {11},
  number  = {02},
  note    = {Professores orientadores: Frederico Barbosa Muniz e Thissiany Beatriz Almeida},

  
}

@Misc{Souza2024,
  author       = {Souza, Cristiane Ferreira de and Cirino, Roseneide Maria Batista},
  title        = {Hiperfoco na aprendizagem de estudantes atípicos: uma análise teórica e prática},
  year         = {2024},
  howpublished = {\url{https://www.editorarealize.com.br/editora/anais/conedu/2024/TRABALHO_COMPLETO_EV200_MD1_ID1155_TB1419_10102024090658.pdf}},
  note         = {Acesso em: 25 out. 2025},
  publisher    = {Anais do 10º Congresso Nacional de Educação – CONEDU},
  address      = {Fortaleza}
}


